1
@article{Mahmut,
	journal = {Scientific Programming},
	pages = {125--139},
	volume = {22},
	publisher = {Hindawi Limited},
	number = {2},
	year = {2014},
	title = {Exploring the Future of Out-of-Core Computing with Compute-Local Non-Volatile Memory},
	issn = {1058-9244},
	language = {eng},
	author = {Myoungsoo Jung and Ellis H. Wilson and Wonil Choi and John Shalf and Hasan Metin Aktulga and Chao Yang and Erik Saule and Umit V. Catalyurek and Mahmut Kandemir},
	keywords = {Computer Science ; nocite},
}
2
@article{Rudoff,
	author = {Andy Rudoff},
	title = {Persistent Memory Programming},
	journaltitle = {Login},
	volume = {42},
	number = {2},
	year = {2017},
	pages = {125-139},
	keywords = {nocite}
}
3
@inproceedings{Oikawa,
	pages = {1--6},
	publisher = {IEEE},
	booktitle = {2015 IEEE/ACIS 16th International Conference on Software Engineering, Artificial Intelligence, Networking and Parallel/Distributed Computing (SNPD)},
	isbn = {9781479986767},
	year = {2015},
	title = {NVM/DRAM hybrid memory management with language runtime support via MRW queue},
	language = {eng},
	author = {Nakagawa, Gaku and Oikawa, Shuichi},
	keywords = {Runtime ; Nonvolatile Memory ; Random Access Memory ; Benchmark Testing ; Memory Management ; Radiation Detectors ; Semantics ; nocite},
}
4
@inproceedings{scwan,
	pages = {15--22},
	publisher = {ACM},
	booktitle = {Proceedings of the 2nd international workshop on petascal data analytics: challenges and opportunities},
	isbn = {9781450311304},
	year = {2011},
	title = {Using active NVRAM for I/O staging},
	series = {PDAC '11},
	language = {eng},
	author = {Kannan, Sudarsun and Gavrilovska, Ada and Schwan, Karsten and Milojicic, Dejan and Talwar, Vanish},
	keywords = {Datastaging ; Non-Volatile Memory ; Post Processing ; Computer Science ; nocite},
}
5
@article{Hodson,
	journal = {ACM SIGPLAN Notices},
	pages = {401--410},
	volume = {47},
	publisher = {ACM},
	number = {4},
	year = {2012},
	title = {Whole-system persistence},
	issn = {1558-1160},
	language = {eng},
	author = {Narayanan, Dushyanth and Hodson, Orion},
	keywords = {Nvram ; Persistence ; Computer Science ; nocite},
}
6
@article{Swanson,
	journal = {ACM SIGPLAN Notices},
	pages = {105--118},
	volume = {46},
	publisher = {ACM},
	number = {3},
	year = {2011},
	title = {NV-Heaps: making persistent objects fast and safe with next-generation, non-volatile memories},
	issn = {1558-1160},
	language = {eng},
	author = {Coburn, Joel and Caulfield, Adrian and Akel, Ameen and Grupp, Laura and Gupta, Rajesh and Jhala, Ranjit and Swanson, Steven},
	keywords = {Acid Transactions ; Memory Mangement ; Non-Volatile Heap ; Persistent Objects ; Phase-Change Memory ; Pointer Safety ; Spin-Torque Transfer Memory ; Transactional Memory ; Computer Science ; nocite},
}
7
@article{Badam,
	journal = {Computer},
	pages = {45--51},
	volume = {46},
	publisher = {IEEE},
	number = {8},
	year = {2013},
	title = {How Persistent Memory Will Change Software Systems},
	issn = {0018-9162},
	language = {eng},
	author = {Badam, Anirudh},
	keywords = {Random Access Memory ; Storge Systems ; File Systems ; Memory Management ; Hardware ; Nonvolatile Memory ; Persistent Ram ; Nonvolatile Memory ; Storage Systems ; Engineering ; Computer Science ; nocite},
}
8
@article{Volos,
	journal = {Acm Sigplan Notices},
	pages = {91--103},
	volume = {47},
	publisher = {ASSOC COMPUTING MACHINERY},
	number = {4},
	year = {2012},
	title = {Mnemosyne: Lightweight Persistent Memory},
	issn = {0362-1340},
	language = {English},
	author = {Volos, H and Tack, Aj and Swift, MM},
	keywords = {nocite},
}
9
@inproceedings{Rudoff2,
	pages = {7--10},
	volume = {2017-},
	publisher = {ACM},
	booktitle = {Proceedings of the Workshop on memory centric programming for hpc},
	isbn = {9781450351317},
	year = {2017},
	title = {Persistent Memory: The Value to HPC and the Challenges},
	series = {MCHPC'17},
	language = {eng},
	author = {Rudoff, Andy},
	keywords = {Nvm Programming ; Persistent Memory ; Storage Class Memory ; nocite},
}
10
@article{Burger,
	journal = {Computer},
	pages = {24--31},
	volume = {47},
	publisher = {IEEE},
	number = {1},
	year = {2014},
	title = {What the Future Holds for Solid-State Memory},
	issn = {0018-9162},
	language = {eng},
	author = {Strauss, Karin and Burger, Doug},
	keywords = {Memory Management ; Random Access Memory ; Phase Change Materials ; Dram Chips ; Nonvolatile Memory ; Solid State Circuit Design ; Flash Memories ; Memory ; Reliability ; Dram ; Flash ; Engineering ; Computer Science ; nocite},
}
11
@online{side1,
	title = {Reimagining the Data Center Memory and Storage Hierarchy},
	author = {Lisa Spelman},
	url = {https://newsroom.intel.com/editorials/re-architecting-data-center-memory-storage-hierarchy/#gs.d0rr1r},
	urldate = {2019-05-22}
}
12
@online{optane,
	title = {Intel Optane DC Persistent Memory: A Major Advance in Memory and Storage Architecture},
	author = {Andy m. Rudoff},
	url = {https://software.intel.com/en-us/blogs/2018/10/30/intel-optane-dc-persistent-memory-a-major-advance-in-memory-and-storage-architecture},
	urldate = {2019-05-25}
}
13
@online{optane2,
	title = {Big Memory Breakthrough for Your Biggest Data Challenges},
	url = {https://www.intel.com/content/www/us/en/architecture-and-technology/optane-dc-persistent-memory.html},
	urldate = {2019-05-27}
}

PMEM.io biblotek
@online{libpmem,
	title = {The libpmem library},
	url = {http://pmem.io/pmdk/libpmem/},
	urldate = {2019-05-25}
}
@online{libpmemobj,
	title = {The libpmemobj library},
	url = {http://pmem.io/pmdk/libpmemobj/},
	urldate = {2019-05-25}
}

@online{libpmemblk,
	title = {The libpmemblk library},
	url = {http://pmem.io/pmdk/libpmemblk/},
	urldate = {2019-05-25}
}
@online{libpmemlog,
	title = {The libpmemlog library},
	url = {http://pmem.io/pmdk/libpmemlog/},
	urldate = {2019-05-25}
}

@online{libmemking,
	title = {The libmemking library},
	url = {https://github.com/memkind/memkind},
	urldate = {2019-05-25}
}
@online{memkindlib,
	title = {MEMKIND},
	url = {http://memkind.github.io/memkind/man_pages/memkind.html},
	urldate = {2019-05-28}
}
@online{libvmem,
	title = {The libvmem library},
	url = {http://pmem.io/pmdk/libvmem/},
	urldate = {2019-05-25}
}

@online{libvmmalloc,
	title = {The libvmmalloc library},
	url = {http://pmem.io/pmdk/libvmmalloc/},
	urldate = {2019-05-25}
}
@online{librpmem,
	title = {The librpmem library},
	url = {http://pmem.io/pmdk/librpmem/},
	urldate = {2019-05-25}
}

@online{whatIsPMEM,
	title = {What is Persistent Memory?},
	url = {https://www.snia.org/education/what-is-persistent-memory},
	urldate = {2021-11-13}
}

@online{whatIsPMEM2,
	title = {What is Persistent Memory?},
	url = {https://pmem.io/},
	urldate = {2021-11-13}
}

@online{STREAM-c,
	title = "STREAM source code",
	author = "John D. McCalpin",
	url = "https://www.cs.virginia.edu/stream/FTP/Code/stream.c",
	urldate = "2020-12-20"
}

BÃ¸ker
@book{lerebok,
	author = {Georg Hager and Gerhard Wellein},
	title = {Introduction to High Performance Computing for Scientists and Engineers},
	publisher = {CRC Press},
	year = 2010,
	isbn = "9781439811924"
}
