@online{STREAM-c,
	title = "STREAM source code",
	author = "John D. McCalpin",
	url = "https://www.cs.virginia.edu/stream/FTP/Code/stream.c",
	urldate = "2020-12-20"
}