1
@article{Mahmut,
	author = {Myoungsoo Jung and Ellis H. Wilson III and Wonil Choi and John Shalf and Hasan Metin Aktulga and Chao Yang and Erik Saulee and Umit V. Catalyurek and Mahmut Kandemir},
	title = {Exploring the future of out-of-core computing with compute-local non-volatile memory},
	journaltitle = {Scientific Programming},
	volume = 22,
	year = 2014,
	pages = {125-139},
	keywords = {nocite}
}
2
@article{Rudoff,
	author = {Andy Rudoff},
	title = {Persistent Memory Porgramming},
	journaltitle = {Login},
	volume = 42,
	year = 2017,
	pages = {125-139},
	keywords = {nocite}
}
3
@article{Oikawa,
	author = {Gaku Nakagawa and Shuichi Oikawa},
	title = {NVM/DRAM Hybrid Memory Management with Language Runtime Support via MRW Queue},
	journaltitle = {IEEE},
	year = 2015,
	keywords = {nocite}
}
4
@article{scwan,
	author = {Sudarsun Kannan and Dejan Milojicic and Ada Gavrilovska and Karsten Schwan},
	title = {Using Active NVRAM for I/O Staging},
	journaltitle = {ACM},
	year = 2011,
	pages = {15-22},
	keywords = {nocite}
}
5
@article{Hodson,
	author = {Dushyanth Narayanan and Orion Hodson},
	title = {Whole-System Persistence},
	journaltitle = {ACM},
	year = 2012,
	pages = {401-410},
	keywords = {nocite}
}
6
@article{Swanson,
	author = {Joel Coburn and Adrian M. Caulfield and Ameen Akel and Laura M. Grupp and Rajesh K. Gupta and Ranjit Jhala and Steven Swanson},
	title = {NV-Heaps: Making Persistent Objects Fast and Safe with Next-Generation, Non-Volatile Memories},
	journaltitle = {ACM},
	year = 2011,
	pages = {105-118},
	keywords = {nocite}
}
7
@article{Badam,
	author = {Anirudh Badam},
	title = {How Persistent Memory Will	Change Software	Systems},
	journaltitle = {Computer},
	volume = 46,
	year = 2013,
	pages = {45-51},
	keywords = {nocite}
}
8
@article{Volos,
	author = {Haris Volos and Andres Jaan Tack and Michael M. Swift},
	title = {Mnemosyne: Lightweight Persistent Memory},
	journaltitle = {Acm Sigplan Notices},
	volume = 47,
	year = 2012,
	pages = {91-104},
	keywords = {nocite}
}
9
@article{Rudoff2,
	author = {Andy Rudoff},
	title = {Persistent Memory: The Value to HPC and the Challenges},
	journaltitle = {Workshop on Memory Centric Programming for Hpc},
	year = 2017,
	pages = {7-10},
	keywords = {nocite}
}
10
@article{Burger,
	author = { Karin Strauss and Doug Burger},
	title = {What the Future Holds for Solid-State Memory},
	journaltitle = {Computer},
	year = 2014,
	pages = {24-31},
	keywords = {nocite}
}
11
@online{side1,
	title = {Reimagining the Data Center Memory and Storage Hierarchy},
	author = {Lisa Spelman},
	url = {https://newsroom.intel.com/editorials/re-architecting-data-center-memory-storage-hierarchy/#gs.d0rr1r},
	urldate = {2019-05-22}
}
12
@online{optane,
	title = {Intel Optane DC Persistent Memory: A Major Advance in Memory and Storage Architecture},
	author = {Andy m. Rudoff},
	url = {https://software.intel.com/en-us/blogs/2018/10/30/intel-optane-dc-persistent-memory-a-major-advance-in-memory-and-storage-architecture},
	urldate = {2019-05-25}
}
13
@online{optane2,
	title = {Big Memory Breakthrough for Your Biggest Data Challenges},
	url = {https://www.intel.com/content/www/us/en/architecture-and-technology/optane-dc-persistent-memory.html},
	urldate = {2019-05-27}
}

PMEM.io biblotek
@online{libpmem,
	title = {The libpmem library},
	url = {http://pmem.io/pmdk/libpmem/},
	urldate = {2019-05-25}
}
@online{libpmemobj,
	title = {The libpmemobj library},
	url = {http://pmem.io/pmdk/libpmemobj/},
	urldate = {2019-05-25}
}

@online{libpmemblk,
	title = {The libpmemblk library},
	url = {http://pmem.io/pmdk/libpmemblk/},
	urldate = {2019-05-25}
}
@online{libpmemlog,
	title = {The libpmemlog library},
	url = {http://pmem.io/pmdk/libpmemlog/},
	urldate = {2019-05-25}
}

@online{libmemking,
	title = {The libmemking library},
	url = {https://github.com/memkind/memkind},
	urldate = {2019-05-25}
}
@online{memkindlib,
	title = {MEMKIND},
	url = {http://memkind.github.io/memkind/man_pages/memkind.html},
	urldate = {2019-05-28}
}
@online{libvmem,
	title = {The libvmem library},
	url = {http://pmem.io/pmdk/libvmem/},
	urldate = {2019-05-25}
}

@online{libvmmalloc,
	title = {The libvmmalloc library},
	url = {http://pmem.io/pmdk/libvmmalloc/},
	urldate = {2019-05-25}
}
@online{librpmem,
	title = {The librpmem library},
	url = {http://pmem.io/pmdk/librpmem/},
	urldate = {2019-05-25}
}

BÃ¸ker
@book{lerebok,
	author = {Georg Hager and Gerhard Wellein},
	title = {Introduction to High Performance Computing for Scientists and Engineers},
	publisher = {CRC Press},
	year = 2010,
	isbn = "9781439811924"
}